%YAML 1.1
%TAG !u! tag:unity3d.com,2011:
--- !u!1 &6121334206259045821
GameObject:
  m_ObjectHideFlags: 0
  m_CorrespondingSourceObject: {fileID: 0}
  m_PrefabInstance: {fileID: 0}
  m_PrefabAsset: {fileID: 0}
  serializedVersion: 6
  m_Component:
  - component: {fileID: 6121334206259045822}
  - component: {fileID: 6121334206259045823}
  m_Layer: 0
  m_Name: Model 2
  m_TagString: Untagged
  m_Icon: {fileID: 0}
  m_NavMeshLayer: 0
  m_StaticEditorFlags: 0
  m_IsActive: 1
--- !u!4 &6121334206259045822
Transform:
  m_ObjectHideFlags: 0
  m_CorrespondingSourceObject: {fileID: 0}
  m_PrefabInstance: {fileID: 0}
  m_PrefabAsset: {fileID: 0}
  m_GameObject: {fileID: 6121334206259045821}
  m_LocalRotation: {x: 0, y: 0, z: 0, w: 1}
  m_LocalPosition: {x: 1, y: -7.3, z: 0}
  m_LocalScale: {x: 1, y: 1, z: 1}
  m_Children:
  - {fileID: 2424615333085172116}
  - {fileID: 5942770150664576679}
  - {fileID: 3327621297924100650}
  - {fileID: 4205845751396913516}
  - {fileID: 2208194298046571651}
  - {fileID: 7641198834892466570}
  - {fileID: 1940186328961405409}
  - {fileID: 7642276756727039802}
  m_Father: {fileID: 0}
  m_RootOrder: 0
  m_LocalEulerAnglesHint: {x: 0, y: 0, z: 0}
--- !u!114 &6121334206259045823
MonoBehaviour:
  m_ObjectHideFlags: 0
  m_CorrespondingSourceObject: {fileID: 0}
  m_PrefabInstance: {fileID: 0}
  m_PrefabAsset: {fileID: 0}
  m_GameObject: {fileID: 6121334206259045821}
  m_Enabled: 1
  m_EditorHideFlags: 0
  m_Script: {fileID: 11500000, guid: dc61c58c6ddebb7408073310cfa0ade9, type: 3}
  m_Name: 
  m_EditorClassIdentifier: 
  _Blocks:
  - {fileID: 8782049249580678372}
  - {fileID: 8693790787972899483}
  - {fileID: 355903869727960598}
  - {fileID: 6558769052162765190}
  - {fileID: 9222900196847780969}
  - {fileID: 4671504418971899318}
  - {fileID: 3473001473414557149}
  - {fileID: 808370060175886160}
  _UserInterface: {fileID: 0}
--- !u!1001 &1872654971019716290
PrefabInstance:
  m_ObjectHideFlags: 0
  serializedVersion: 2
  m_Modification:
    m_TransformParent: {fileID: 6121334206259045822}
    m_Modifications:
    - target: {fileID: 5152292110837446422, guid: 33486489ae470f748aeead559c784b7e,
        type: 3}
      propertyPath: m_Name
      value: 1x2Cube
      objectReference: {fileID: 0}
    - target: {fileID: 4022581117012260072, guid: 33486489ae470f748aeead559c784b7e,
        type: 3}
      propertyPath: m_LocalPosition.x
      value: 2
      objectReference: {fileID: 0}
    - target: {fileID: 4022581117012260072, guid: 33486489ae470f748aeead559c784b7e,
        type: 3}
      propertyPath: m_LocalPosition.y
      value: 4.5
      objectReference: {fileID: 0}
    - target: {fileID: 4022581117012260072, guid: 33486489ae470f748aeead559c784b7e,
        type: 3}
      propertyPath: m_LocalPosition.z
      value: 0
      objectReference: {fileID: 0}
    - target: {fileID: 4022581117012260072, guid: 33486489ae470f748aeead559c784b7e,
        type: 3}
      propertyPath: m_LocalRotation.x
      value: -0
      objectReference: {fileID: 0}
    - target: {fileID: 4022581117012260072, guid: 33486489ae470f748aeead559c784b7e,
        type: 3}
      propertyPath: m_LocalRotation.y
      value: -0
      objectReference: {fileID: 0}
    - target: {fileID: 4022581117012260072, guid: 33486489ae470f748aeead559c784b7e,
        type: 3}
      propertyPath: m_LocalRotation.z
      value: -0
      objectReference: {fileID: 0}
    - target: {fileID: 4022581117012260072, guid: 33486489ae470f748aeead559c784b7e,
        type: 3}
      propertyPath: m_LocalRotation.w
      value: 1
      objectReference: {fileID: 0}
    - target: {fileID: 4022581117012260072, guid: 33486489ae470f748aeead559c784b7e,
        type: 3}
      propertyPath: m_RootOrder
      value: 2
      objectReference: {fileID: 0}
    - target: {fileID: 4022581117012260072, guid: 33486489ae470f748aeead559c784b7e,
        type: 3}
      propertyPath: m_LocalEulerAnglesHint.x
      value: 0
      objectReference: {fileID: 0}
    - target: {fileID: 4022581117012260072, guid: 33486489ae470f748aeead559c784b7e,
        type: 3}
      propertyPath: m_LocalEulerAnglesHint.y
      value: 0
      objectReference: {fileID: 0}
    - target: {fileID: 4022581117012260072, guid: 33486489ae470f748aeead559c784b7e,
        type: 3}
      propertyPath: m_LocalEulerAnglesHint.z
      value: 0
      objectReference: {fileID: 0}
    m_RemovedComponents: []
  m_SourcePrefab: {fileID: 100100000, guid: 33486489ae470f748aeead559c784b7e, type: 3}
--- !u!4 &3327621297924100650 stripped
Transform:
  m_CorrespondingSourceObject: {fileID: 4022581117012260072, guid: 33486489ae470f748aeead559c784b7e,
    type: 3}
  m_PrefabInstance: {fileID: 1872654971019716290}
  m_PrefabAsset: {fileID: 0}
--- !u!114 &355903869727960598 stripped
MonoBehaviour:
  m_CorrespondingSourceObject: {fileID: 2093449700327655636, guid: 33486489ae470f748aeead559c784b7e,
    type: 3}
  m_PrefabInstance: {fileID: 1872654971019716290}
  m_PrefabAsset: {fileID: 0}
  m_GameObject: {fileID: 0}
  m_Enabled: 1
  m_EditorHideFlags: 0
  m_Script: {fileID: 11500000, guid: 3d6f3b34d9256e645af852c26eb27e80, type: 3}
  m_Name: 
  m_EditorClassIdentifier: 
--- !u!1001 &2990637983549638796
PrefabInstance:
  m_ObjectHideFlags: 0
  serializedVersion: 2
  m_Modification:
    m_TransformParent: {fileID: 6121334206259045822}
    m_Modifications:
    - target: {fileID: 809294363560580356, guid: 322eb0956f65a8a498556b186d1536ae,
        type: 3}
      propertyPath: m_Name
      value: 2x2Cube
      objectReference: {fileID: 0}
    - target: {fileID: 586901346306070808, guid: 322eb0956f65a8a498556b186d1536ae,
        type: 3}
      propertyPath: m_LocalPosition.x
      value: 0
      objectReference: {fileID: 0}
    - target: {fileID: 586901346306070808, guid: 322eb0956f65a8a498556b186d1536ae,
        type: 3}
      propertyPath: m_LocalPosition.y
      value: 4.5
      objectReference: {fileID: 0}
    - target: {fileID: 586901346306070808, guid: 322eb0956f65a8a498556b186d1536ae,
        type: 3}
      propertyPath: m_LocalPosition.z
      value: 0
      objectReference: {fileID: 0}
    - target: {fileID: 586901346306070808, guid: 322eb0956f65a8a498556b186d1536ae,
        type: 3}
      propertyPath: m_LocalRotation.x
      value: -0
      objectReference: {fileID: 0}
    - target: {fileID: 586901346306070808, guid: 322eb0956f65a8a498556b186d1536ae,
        type: 3}
      propertyPath: m_LocalRotation.y
      value: -0
      objectReference: {fileID: 0}
    - target: {fileID: 586901346306070808, guid: 322eb0956f65a8a498556b186d1536ae,
        type: 3}
      propertyPath: m_LocalRotation.z
      value: -0
      objectReference: {fileID: 0}
    - target: {fileID: 586901346306070808, guid: 322eb0956f65a8a498556b186d1536ae,
        type: 3}
      propertyPath: m_LocalRotation.w
      value: 1
      objectReference: {fileID: 0}
    - target: {fileID: 586901346306070808, guid: 322eb0956f65a8a498556b186d1536ae,
        type: 3}
      propertyPath: m_RootOrder
      value: 0
      objectReference: {fileID: 0}
    - target: {fileID: 586901346306070808, guid: 322eb0956f65a8a498556b186d1536ae,
        type: 3}
      propertyPath: m_LocalEulerAnglesHint.x
      value: 0
      objectReference: {fileID: 0}
    - target: {fileID: 586901346306070808, guid: 322eb0956f65a8a498556b186d1536ae,
        type: 3}
      propertyPath: m_LocalEulerAnglesHint.y
      value: 0
      objectReference: {fileID: 0}
    - target: {fileID: 586901346306070808, guid: 322eb0956f65a8a498556b186d1536ae,
        type: 3}
      propertyPath: m_LocalEulerAnglesHint.z
      value: 0
      objectReference: {fileID: 0}
    m_RemovedComponents: []
  m_SourcePrefab: {fileID: 100100000, guid: 322eb0956f65a8a498556b186d1536ae, type: 3}
--- !u!4 &2424615333085172116 stripped
Transform:
  m_CorrespondingSourceObject: {fileID: 586901346306070808, guid: 322eb0956f65a8a498556b186d1536ae,
    type: 3}
  m_PrefabInstance: {fileID: 2990637983549638796}
  m_PrefabAsset: {fileID: 0}
--- !u!114 &8782049249580678372 stripped
MonoBehaviour:
  m_CorrespondingSourceObject: {fileID: 5791904160915502184, guid: 322eb0956f65a8a498556b186d1536ae,
    type: 3}
  m_PrefabInstance: {fileID: 2990637983549638796}
  m_PrefabAsset: {fileID: 0}
  m_GameObject: {fileID: 0}
  m_Enabled: 1
  m_EditorHideFlags: 0
  m_Script: {fileID: 11500000, guid: 3d6f3b34d9256e645af852c26eb27e80, type: 3}
  m_Name: 
  m_EditorClassIdentifier: 
--- !u!1001 &3260598542492099849
PrefabInstance:
  m_ObjectHideFlags: 0
  serializedVersion: 2
  m_Modification:
    m_TransformParent: {fileID: 6121334206259045822}
    m_Modifications:
    - target: {fileID: 5152292110837446422, guid: 33486489ae470f748aeead559c784b7e,
        type: 3}
      propertyPath: m_Name
      value: 1x2Cube
      objectReference: {fileID: 0}
    - target: {fileID: 4022581117012260072, guid: 33486489ae470f748aeead559c784b7e,
        type: 3}
      propertyPath: m_LocalPosition.x
      value: 1
      objectReference: {fileID: 0}
    - target: {fileID: 4022581117012260072, guid: 33486489ae470f748aeead559c784b7e,
        type: 3}
      propertyPath: m_LocalPosition.y
      value: 7.5
      objectReference: {fileID: 0}
    - target: {fileID: 4022581117012260072, guid: 33486489ae470f748aeead559c784b7e,
        type: 3}
      propertyPath: m_LocalPosition.z
      value: 0
      objectReference: {fileID: 0}
    - target: {fileID: 4022581117012260072, guid: 33486489ae470f748aeead559c784b7e,
        type: 3}
      propertyPath: m_LocalRotation.x
      value: -0
      objectReference: {fileID: 0}
    - target: {fileID: 4022581117012260072, guid: 33486489ae470f748aeead559c784b7e,
        type: 3}
      propertyPath: m_LocalRotation.y
      value: -0
      objectReference: {fileID: 0}
    - target: {fileID: 4022581117012260072, guid: 33486489ae470f748aeead559c784b7e,
        type: 3}
      propertyPath: m_LocalRotation.z
      value: -0
      objectReference: {fileID: 0}
    - target: {fileID: 4022581117012260072, guid: 33486489ae470f748aeead559c784b7e,
        type: 3}
      propertyPath: m_LocalRotation.w
      value: 1
      objectReference: {fileID: 0}
    - target: {fileID: 4022581117012260072, guid: 33486489ae470f748aeead559c784b7e,
        type: 3}
      propertyPath: m_RootOrder
      value: 6
      objectReference: {fileID: 0}
    - target: {fileID: 4022581117012260072, guid: 33486489ae470f748aeead559c784b7e,
        type: 3}
      propertyPath: m_LocalEulerAnglesHint.x
      value: 0
      objectReference: {fileID: 0}
    - target: {fileID: 4022581117012260072, guid: 33486489ae470f748aeead559c784b7e,
        type: 3}
      propertyPath: m_LocalEulerAnglesHint.y
      value: 0
      objectReference: {fileID: 0}
    - target: {fileID: 4022581117012260072, guid: 33486489ae470f748aeead559c784b7e,
        type: 3}
      propertyPath: m_LocalEulerAnglesHint.z
      value: 0
      objectReference: {fileID: 0}
    - target: {fileID: 2093449700327655636, guid: 33486489ae470f748aeead559c784b7e,
        type: 3}
      propertyPath: _Requirement.Array.size
      value: 1
      objectReference: {fileID: 0}
    - target: {fileID: 2093449700327655636, guid: 33486489ae470f748aeead559c784b7e,
        type: 3}
      propertyPath: _Requirement.Array.data[0]
      value: 
      objectReference: {fileID: 9222900196847780969}
    m_RemovedComponents: []
  m_SourcePrefab: {fileID: 100100000, guid: 33486489ae470f748aeead559c784b7e, type: 3}
--- !u!4 &1940186328961405409 stripped
Transform:
  m_CorrespondingSourceObject: {fileID: 4022581117012260072, guid: 33486489ae470f748aeead559c784b7e,
    type: 3}
  m_PrefabInstance: {fileID: 3260598542492099849}
  m_PrefabAsset: {fileID: 0}
--- !u!114 &3473001473414557149 stripped
MonoBehaviour:
  m_CorrespondingSourceObject: {fileID: 2093449700327655636, guid: 33486489ae470f748aeead559c784b7e,
    type: 3}
  m_PrefabInstance: {fileID: 3260598542492099849}
  m_PrefabAsset: {fileID: 0}
  m_GameObject: {fileID: 0}
  m_Enabled: 1
  m_EditorHideFlags: 0
  m_Script: {fileID: 11500000, guid: 3d6f3b34d9256e645af852c26eb27e80, type: 3}
  m_Name: 
  m_EditorClassIdentifier: 
--- !u!1001 &5126608383239302251
PrefabInstance:
  m_ObjectHideFlags: 0
  serializedVersion: 2
  m_Modification:
    m_TransformParent: {fileID: 6121334206259045822}
    m_Modifications:
    - target: {fileID: 6487913006289736661, guid: 5b0e82f7e6042da4f9915772941cb33e,
        type: 3}
      propertyPath: m_Name
      value: Sphere2x2
      objectReference: {fileID: 0}
    - target: {fileID: 5481645322803145531, guid: 5b0e82f7e6042da4f9915772941cb33e,
        type: 3}
      propertyPath: _Requirement.Array.size
      value: 2
      objectReference: {fileID: 0}
    - target: {fileID: 5481645322803145531, guid: 5b0e82f7e6042da4f9915772941cb33e,
        type: 3}
      propertyPath: _Requirement.Array.data[0]
      value: 
      objectReference: {fileID: 3473001473414557149}
    - target: {fileID: 5481645322803145531, guid: 5b0e82f7e6042da4f9915772941cb33e,
        type: 3}
      propertyPath: _Requirement.Array.data[1]
      value: 
      objectReference: {fileID: 4671504418971899318}
    - target: {fileID: 3254850262517689169, guid: 5b0e82f7e6042da4f9915772941cb33e,
        type: 3}
      propertyPath: m_LocalPosition.x
      value: 0
      objectReference: {fileID: 0}
    - target: {fileID: 3254850262517689169, guid: 5b0e82f7e6042da4f9915772941cb33e,
        type: 3}
      propertyPath: m_LocalPosition.y
      value: 9.5
      objectReference: {fileID: 0}
    - target: {fileID: 3254850262517689169, guid: 5b0e82f7e6042da4f9915772941cb33e,
        type: 3}
      propertyPath: m_LocalPosition.z
      value: 0
      objectReference: {fileID: 0}
    - target: {fileID: 3254850262517689169, guid: 5b0e82f7e6042da4f9915772941cb33e,
        type: 3}
      propertyPath: m_LocalRotation.x
      value: 0
      objectReference: {fileID: 0}
    - target: {fileID: 3254850262517689169, guid: 5b0e82f7e6042da4f9915772941cb33e,
        type: 3}
      propertyPath: m_LocalRotation.y
      value: 0
      objectReference: {fileID: 0}
    - target: {fileID: 3254850262517689169, guid: 5b0e82f7e6042da4f9915772941cb33e,
        type: 3}
      propertyPath: m_LocalRotation.z
      value: 0
      objectReference: {fileID: 0}
    - target: {fileID: 3254850262517689169, guid: 5b0e82f7e6042da4f9915772941cb33e,
        type: 3}
      propertyPath: m_LocalRotation.w
      value: 1
      objectReference: {fileID: 0}
    - target: {fileID: 3254850262517689169, guid: 5b0e82f7e6042da4f9915772941cb33e,
        type: 3}
      propertyPath: m_RootOrder
      value: 7
      objectReference: {fileID: 0}
    - target: {fileID: 3254850262517689169, guid: 5b0e82f7e6042da4f9915772941cb33e,
        type: 3}
      propertyPath: m_LocalEulerAnglesHint.x
      value: 0
      objectReference: {fileID: 0}
    - target: {fileID: 3254850262517689169, guid: 5b0e82f7e6042da4f9915772941cb33e,
        type: 3}
      propertyPath: m_LocalEulerAnglesHint.y
      value: 0
      objectReference: {fileID: 0}
    - target: {fileID: 3254850262517689169, guid: 5b0e82f7e6042da4f9915772941cb33e,
        type: 3}
      propertyPath: m_LocalEulerAnglesHint.z
      value: 0
      objectReference: {fileID: 0}
    m_RemovedComponents: []
  m_SourcePrefab: {fileID: 100100000, guid: 5b0e82f7e6042da4f9915772941cb33e, type: 3}
--- !u!4 &7642276756727039802 stripped
Transform:
  m_CorrespondingSourceObject: {fileID: 3254850262517689169, guid: 5b0e82f7e6042da4f9915772941cb33e,
    type: 3}
  m_PrefabInstance: {fileID: 5126608383239302251}
  m_PrefabAsset: {fileID: 0}
--- !u!114 &808370060175886160 stripped
MonoBehaviour:
  m_CorrespondingSourceObject: {fileID: 5481645322803145531, guid: 5b0e82f7e6042da4f9915772941cb33e,
    type: 3}
  m_PrefabInstance: {fileID: 5126608383239302251}
  m_PrefabAsset: {fileID: 0}
  m_GameObject: {fileID: 0}
  m_Enabled: 1
  m_EditorHideFlags: 0
  m_Script: {fileID: 11500000, guid: 3d6f3b34d9256e645af852c26eb27e80, type: 3}
  m_Name: 
  m_EditorClassIdentifier: 
--- !u!1001 &5197329855319477102
PrefabInstance:
  m_ObjectHideFlags: 0
  serializedVersion: 2
  m_Modification:
    m_TransformParent: {fileID: 6121334206259045822}
    m_Modifications:
    - target: {fileID: 4619117052932895489, guid: 0e677a7c36577b64d9529070452931cc,
        type: 3}
      propertyPath: m_Name
      value: 2x1Cube
      objectReference: {fileID: 0}
    - target: {fileID: 8250231240800655874, guid: 0e677a7c36577b64d9529070452931cc,
        type: 3}
      propertyPath: m_LocalPosition.x
      value: -1.5
      objectReference: {fileID: 0}
    - target: {fileID: 8250231240800655874, guid: 0e677a7c36577b64d9529070452931cc,
        type: 3}
      propertyPath: m_LocalPosition.y
      value: 6
      objectReference: {fileID: 0}
    - target: {fileID: 8250231240800655874, guid: 0e677a7c36577b64d9529070452931cc,
        type: 3}
      propertyPath: m_LocalPosition.z
      value: 0
      objectReference: {fileID: 0}
    - target: {fileID: 8250231240800655874, guid: 0e677a7c36577b64d9529070452931cc,
        type: 3}
      propertyPath: m_LocalRotation.x
      value: -0
      objectReference: {fileID: 0}
    - target: {fileID: 8250231240800655874, guid: 0e677a7c36577b64d9529070452931cc,
        type: 3}
      propertyPath: m_LocalRotation.y
      value: -0
      objectReference: {fileID: 0}
    - target: {fileID: 8250231240800655874, guid: 0e677a7c36577b64d9529070452931cc,
        type: 3}
      propertyPath: m_LocalRotation.z
      value: -0
      objectReference: {fileID: 0}
    - target: {fileID: 8250231240800655874, guid: 0e677a7c36577b64d9529070452931cc,
        type: 3}
      propertyPath: m_LocalRotation.w
      value: 1
      objectReference: {fileID: 0}
    - target: {fileID: 8250231240800655874, guid: 0e677a7c36577b64d9529070452931cc,
        type: 3}
      propertyPath: m_RootOrder
      value: 3
      objectReference: {fileID: 0}
    - target: {fileID: 8250231240800655874, guid: 0e677a7c36577b64d9529070452931cc,
        type: 3}
      propertyPath: m_LocalEulerAnglesHint.x
      value: 0
      objectReference: {fileID: 0}
    - target: {fileID: 8250231240800655874, guid: 0e677a7c36577b64d9529070452931cc,
        type: 3}
      propertyPath: m_LocalEulerAnglesHint.y
      value: 0
      objectReference: {fileID: 0}
    - target: {fileID: 8250231240800655874, guid: 0e677a7c36577b64d9529070452931cc,
        type: 3}
      propertyPath: m_LocalEulerAnglesHint.z
      value: 0
      objectReference: {fileID: 0}
    - target: {fileID: 1379775236930878184, guid: 0e677a7c36577b64d9529070452931cc,
        type: 3}
      propertyPath: _Requirement.Array.size
      value: 2
      objectReference: {fileID: 0}
    - target: {fileID: 1379775236930878184, guid: 0e677a7c36577b64d9529070452931cc,
        type: 3}
      propertyPath: _Requirement.Array.data[0]
      value: 
      objectReference: {fileID: 8782049249580678372}
    - target: {fileID: 1379775236930878184, guid: 0e677a7c36577b64d9529070452931cc,
        type: 3}
      propertyPath: _Requirement.Array.data[1]
      value: 
      objectReference: {fileID: 8693790787972899483}
    m_RemovedComponents: []
  m_SourcePrefab: {fileID: 100100000, guid: 0e677a7c36577b64d9529070452931cc, type: 3}
--- !u!4 &4205845751396913516 stripped
Transform:
  m_CorrespondingSourceObject: {fileID: 8250231240800655874, guid: 0e677a7c36577b64d9529070452931cc,
    type: 3}
  m_PrefabInstance: {fileID: 5197329855319477102}
  m_PrefabAsset: {fileID: 0}
--- !u!114 &6558769052162765190 stripped
MonoBehaviour:
  m_CorrespondingSourceObject: {fileID: 1379775236930878184, guid: 0e677a7c36577b64d9529070452931cc,
    type: 3}
  m_PrefabInstance: {fileID: 5197329855319477102}
  m_PrefabAsset: {fileID: 0}
  m_GameObject: {fileID: 0}
  m_Enabled: 1
  m_EditorHideFlags: 0
  m_Script: {fileID: 11500000, guid: 3d6f3b34d9256e645af852c26eb27e80, type: 3}
  m_Name: 
  m_EditorClassIdentifier: 
--- !u!1001 &6762693522212609378
PrefabInstance:
  m_ObjectHideFlags: 0
  serializedVersion: 2
  m_Modification:
    m_TransformParent: {fileID: 6121334206259045822}
    m_Modifications:
    - target: {fileID: 5152292110837446422, guid: 33486489ae470f748aeead559c784b7e,
        type: 3}
      propertyPath: m_Name
      value: 1x2Cube
      objectReference: {fileID: 0}
    - target: {fileID: 4022581117012260072, guid: 33486489ae470f748aeead559c784b7e,
        type: 3}
      propertyPath: m_LocalPosition.x
      value: -1
      objectReference: {fileID: 0}
    - target: {fileID: 4022581117012260072, guid: 33486489ae470f748aeead559c784b7e,
        type: 3}
      propertyPath: m_LocalPosition.y
      value: 7.5
      objectReference: {fileID: 0}
    - target: {fileID: 4022581117012260072, guid: 33486489ae470f748aeead559c784b7e,
        type: 3}
      propertyPath: m_LocalPosition.z
      value: 0
      objectReference: {fileID: 0}
    - target: {fileID: 4022581117012260072, guid: 33486489ae470f748aeead559c784b7e,
        type: 3}
      propertyPath: m_LocalRotation.x
      value: -0
      objectReference: {fileID: 0}
    - target: {fileID: 4022581117012260072, guid: 33486489ae470f748aeead559c784b7e,
        type: 3}
      propertyPath: m_LocalRotation.y
      value: -0
      objectReference: {fileID: 0}
    - target: {fileID: 4022581117012260072, guid: 33486489ae470f748aeead559c784b7e,
        type: 3}
      propertyPath: m_LocalRotation.z
      value: -0
      objectReference: {fileID: 0}
    - target: {fileID: 4022581117012260072, guid: 33486489ae470f748aeead559c784b7e,
        type: 3}
      propertyPath: m_LocalRotation.w
      value: 1
      objectReference: {fileID: 0}
    - target: {fileID: 4022581117012260072, guid: 33486489ae470f748aeead559c784b7e,
        type: 3}
      propertyPath: m_RootOrder
      value: 5
      objectReference: {fileID: 0}
    - target: {fileID: 4022581117012260072, guid: 33486489ae470f748aeead559c784b7e,
        type: 3}
      propertyPath: m_LocalEulerAnglesHint.x
      value: 0
      objectReference: {fileID: 0}
    - target: {fileID: 4022581117012260072, guid: 33486489ae470f748aeead559c784b7e,
        type: 3}
      propertyPath: m_LocalEulerAnglesHint.y
      value: 0
      objectReference: {fileID: 0}
    - target: {fileID: 4022581117012260072, guid: 33486489ae470f748aeead559c784b7e,
        type: 3}
      propertyPath: m_LocalEulerAnglesHint.z
      value: 0
      objectReference: {fileID: 0}
    - target: {fileID: 2093449700327655636, guid: 33486489ae470f748aeead559c784b7e,
        type: 3}
      propertyPath: _Requirement.Array.size
      value: 1
      objectReference: {fileID: 0}
    - target: {fileID: 2093449700327655636, guid: 33486489ae470f748aeead559c784b7e,
        type: 3}
      propertyPath: _Requirement.Array.data[0]
      value: 
      objectReference: {fileID: 6558769052162765190}
    m_RemovedComponents: []
  m_SourcePrefab: {fileID: 100100000, guid: 33486489ae470f748aeead559c784b7e, type: 3}
--- !u!4 &7641198834892466570 stripped
Transform:
  m_CorrespondingSourceObject: {fileID: 4022581117012260072, guid: 33486489ae470f748aeead559c784b7e,
    type: 3}
  m_PrefabInstance: {fileID: 6762693522212609378}
  m_PrefabAsset: {fileID: 0}
--- !u!114 &4671504418971899318 stripped
MonoBehaviour:
  m_CorrespondingSourceObject: {fileID: 2093449700327655636, guid: 33486489ae470f748aeead559c784b7e,
    type: 3}
  m_PrefabInstance: {fileID: 6762693522212609378}
  m_PrefabAsset: {fileID: 0}
  m_GameObject: {fileID: 0}
  m_Enabled: 1
  m_EditorHideFlags: 0
  m_Script: {fileID: 11500000, guid: 3d6f3b34d9256e645af852c26eb27e80, type: 3}
  m_Name: 
  m_EditorClassIdentifier: 
--- !u!1001 &7326197441577724495
PrefabInstance:
  m_ObjectHideFlags: 0
  serializedVersion: 2
  m_Modification:
    m_TransformParent: {fileID: 6121334206259045822}
    m_Modifications:
    - target: {fileID: 5152292110837446422, guid: 33486489ae470f748aeead559c784b7e,
        type: 3}
      propertyPath: m_Name
      value: 1x2Cube
      objectReference: {fileID: 0}
    - target: {fileID: 4022581117012260072, guid: 33486489ae470f748aeead559c784b7e,
        type: 3}
      propertyPath: m_LocalPosition.x
      value: -2
      objectReference: {fileID: 0}
    - target: {fileID: 4022581117012260072, guid: 33486489ae470f748aeead559c784b7e,
        type: 3}
      propertyPath: m_LocalPosition.y
      value: 4.5
      objectReference: {fileID: 0}
    - target: {fileID: 4022581117012260072, guid: 33486489ae470f748aeead559c784b7e,
        type: 3}
      propertyPath: m_LocalPosition.z
      value: 0
      objectReference: {fileID: 0}
    - target: {fileID: 4022581117012260072, guid: 33486489ae470f748aeead559c784b7e,
        type: 3}
      propertyPath: m_LocalRotation.x
      value: -0
      objectReference: {fileID: 0}
    - target: {fileID: 4022581117012260072, guid: 33486489ae470f748aeead559c784b7e,
        type: 3}
      propertyPath: m_LocalRotation.y
      value: -0
      objectReference: {fileID: 0}
    - target: {fileID: 4022581117012260072, guid: 33486489ae470f748aeead559c784b7e,
        type: 3}
      propertyPath: m_LocalRotation.z
      value: -0
      objectReference: {fileID: 0}
    - target: {fileID: 4022581117012260072, guid: 33486489ae470f748aeead559c784b7e,
        type: 3}
      propertyPath: m_LocalRotation.w
      value: 1
      objectReference: {fileID: 0}
    - target: {fileID: 4022581117012260072, guid: 33486489ae470f748aeead559c784b7e,
        type: 3}
      propertyPath: m_RootOrder
      value: 1
      objectReference: {fileID: 0}
    - target: {fileID: 4022581117012260072, guid: 33486489ae470f748aeead559c784b7e,
        type: 3}
      propertyPath: m_LocalEulerAnglesHint.x
      value: 0
      objectReference: {fileID: 0}
    - target: {fileID: 4022581117012260072, guid: 33486489ae470f748aeead559c784b7e,
        type: 3}
      propertyPath: m_LocalEulerAnglesHint.y
      value: 0
      objectReference: {fileID: 0}
    - target: {fileID: 4022581117012260072, guid: 33486489ae470f748aeead559c784b7e,
        type: 3}
      propertyPath: m_LocalEulerAnglesHint.z
      value: 0
      objectReference: {fileID: 0}
    m_RemovedComponents: []
  m_SourcePrefab: {fileID: 100100000, guid: 33486489ae470f748aeead559c784b7e, type: 3}
--- !u!4 &5942770150664576679 stripped
Transform:
  m_CorrespondingSourceObject: {fileID: 4022581117012260072, guid: 33486489ae470f748aeead559c784b7e,
    type: 3}
  m_PrefabInstance: {fileID: 7326197441577724495}
  m_PrefabAsset: {fileID: 0}
--- !u!114 &8693790787972899483 stripped
MonoBehaviour:
  m_CorrespondingSourceObject: {fileID: 2093449700327655636, guid: 33486489ae470f748aeead559c784b7e,
    type: 3}
  m_PrefabInstance: {fileID: 7326197441577724495}
  m_PrefabAsset: {fileID: 0}
  m_GameObject: {fileID: 0}
  m_Enabled: 1
  m_EditorHideFlags: 0
  m_Script: {fileID: 11500000, guid: 3d6f3b34d9256e645af852c26eb27e80, type: 3}
  m_Name: 
  m_EditorClassIdentifier: 
--- !u!1001 &7844039757886340737
PrefabInstance:
  m_ObjectHideFlags: 0
  serializedVersion: 2
  m_Modification:
    m_TransformParent: {fileID: 6121334206259045822}
    m_Modifications:
    - target: {fileID: 4619117052932895489, guid: 0e677a7c36577b64d9529070452931cc,
        type: 3}
      propertyPath: m_Name
      value: 2x1Cube
      objectReference: {fileID: 0}
    - target: {fileID: 8250231240800655874, guid: 0e677a7c36577b64d9529070452931cc,
        type: 3}
      propertyPath: m_LocalPosition.x
      value: 1.5
      objectReference: {fileID: 0}
    - target: {fileID: 8250231240800655874, guid: 0e677a7c36577b64d9529070452931cc,
        type: 3}
      propertyPath: m_LocalPosition.y
      value: 6
      objectReference: {fileID: 0}
    - target: {fileID: 8250231240800655874, guid: 0e677a7c36577b64d9529070452931cc,
        type: 3}
      propertyPath: m_LocalPosition.z
      value: 0
      objectReference: {fileID: 0}
    - target: {fileID: 8250231240800655874, guid: 0e677a7c36577b64d9529070452931cc,
        type: 3}
      propertyPath: m_LocalRotation.x
      value: -0
      objectReference: {fileID: 0}
    - target: {fileID: 8250231240800655874, guid: 0e677a7c36577b64d9529070452931cc,
        type: 3}
      propertyPath: m_LocalRotation.y
      value: -0
      objectReference: {fileID: 0}
    - target: {fileID: 8250231240800655874, guid: 0e677a7c36577b64d9529070452931cc,
        type: 3}
      propertyPath: m_LocalRotation.z
      value: -0
      objectReference: {fileID: 0}
    - target: {fileID: 8250231240800655874, guid: 0e677a7c36577b64d9529070452931cc,
        type: 3}
      propertyPath: m_LocalRotation.w
      value: 1
      objectReference: {fileID: 0}
    - target: {fileID: 8250231240800655874, guid: 0e677a7c36577b64d9529070452931cc,
        type: 3}
      propertyPath: m_RootOrder
      value: 4
      objectReference: {fileID: 0}
    - target: {fileID: 8250231240800655874, guid: 0e677a7c36577b64d9529070452931cc,
        type: 3}
      propertyPath: m_LocalEulerAnglesHint.x
      value: 0
      objectReference: {fileID: 0}
    - target: {fileID: 8250231240800655874, guid: 0e677a7c36577b64d9529070452931cc,
        type: 3}
      propertyPath: m_LocalEulerAnglesHint.y
      value: 0
      objectReference: {fileID: 0}
    - target: {fileID: 8250231240800655874, guid: 0e677a7c36577b64d9529070452931cc,
        type: 3}
      propertyPath: m_LocalEulerAnglesHint.z
      value: 0
      objectReference: {fileID: 0}
    - target: {fileID: 1379775236930878184, guid: 0e677a7c36577b64d9529070452931cc,
        type: 3}
      propertyPath: _Requirement.Array.size
      value: 2
      objectReference: {fileID: 0}
    - target: {fileID: 1379775236930878184, guid: 0e677a7c36577b64d9529070452931cc,
        type: 3}
      propertyPath: _Requirement.Array.data[0]
      value: 
      objectReference: {fileID: 8782049249580678372}
    - target: {fileID: 1379775236930878184, guid: 0e677a7c36577b64d9529070452931cc,
        type: 3}
      propertyPath: _Requirement.Array.data[1]
      value: 
      objectReference: {fileID: 355903869727960598}
    m_RemovedComponents: []
  m_SourcePrefab: {fileID: 100100000, guid: 0e677a7c36577b64d9529070452931cc, type: 3}
--- !u!4 &2208194298046571651 stripped
Transform:
  m_CorrespondingSourceObject: {fileID: 8250231240800655874, guid: 0e677a7c36577b64d9529070452931cc,
    type: 3}
  m_PrefabInstance: {fileID: 7844039757886340737}
  m_PrefabAsset: {fileID: 0}
--- !u!114 &9222900196847780969 stripped
MonoBehaviour:
  m_CorrespondingSourceObject: {fileID: 1379775236930878184, guid: 0e677a7c36577b64d9529070452931cc,
    type: 3}
  m_PrefabInstance: {fileID: 7844039757886340737}
  m_PrefabAsset: {fileID: 0}
  m_GameObject: {fileID: 0}
  m_Enabled: 1
  m_EditorHideFlags: 0
  m_Script: {fileID: 11500000, guid: 3d6f3b34d9256e645af852c26eb27e80, type: 3}
  m_Name: 
  m_EditorClassIdentifier: 
